<?xml version='1.0' encoding='UTF-8'?>
<record xmlns="http://www.loc.gov/MARC21/slim">
  <leader>01236cam a2200241 a 4500</leader>
  <controlfield tag="001">1040924</controlfield>
  <controlfield tag="003">NjP</controlfield>
  <controlfield tag="005">20171027100755.0</controlfield>
  <controlfield tag="008">951221r19781954ir            000|0 ara d</controlfield>
  <datafield tag="024" ind1="7" ind2=" ">
    <subfield code="a">princeton_aco003016</subfield>
    <subfield code="2">local</subfield>
  </datafield>
  <datafield ind1=" " ind2=" " tag="035">
    <subfield code="a">(OCoLC)34437505</subfield>
  </datafield>
  <datafield ind1=" " ind2=" " tag="035">
    <subfield code="a">(CStRLIN)NJPG95-B79980</subfield>
  </datafield>
  <datafield ind1=" " ind2=" " tag="035">
    <subfield code="9">CCB7309TS</subfield>
  </datafield>
  <datafield ind1=" " ind2=" " tag="040">
    <subfield code="a">NjP</subfield>
    <subfield code="c">NjP</subfield>
  </datafield>
  <datafield ind1="2" ind2=" " tag="100">
    <subfield code="a">Āl Nūḥ, Kāẓim al-Shaykh Salmān.</subfield>
  </datafield>
  <datafield ind1="1" ind2="0" tag="245">
    <subfield code="a">Ṭuruq Ḥadīth al-aʾimmah min Quraysh wa-fī baʻḍihā min Banī Hāshim min al-Ṣiḥāh wa-ghayrihā :</subfield>
    <subfield code="b">wa-nuṣūṣ al-Nabī (ṣ) anna ʻAlī awwal man aslama, wa-ṭuruq Ḥadīth al-dār, wa-ṭuruq anā madīnat al-ʻilm wa-ʻAlī bābuhā /</subfield>
    <subfield code="c">Kāẓim Āl Nūḥ.</subfield>
  </datafield>
  <datafield ind1=" " ind2=" " tag="260">
    <subfield code="a">[Qom :</subfield>
    <subfield code="b">Maktabat al-Qurʾān wa-al-ʻItrah,</subfield>
    <subfield code="c">1978]</subfield>
  </datafield>
  <datafield ind1=" " ind2=" " tag="300">
    <subfield code="a">94 p. ;</subfield>
    <subfield code="c">22 cm.</subfield>
  </datafield>
  <datafield ind1=" " ind2=" " tag="534">
    <subfield code="p">Reprint. Originally published:</subfield>
    <subfield code="c">Baghdād : Maṭbaʻat al-Maʻārif, 1954.</subfield>
  </datafield>
  <datafield ind1=" " ind2="0" tag="650">
    <subfield code="a">Imams (Shiites)</subfield>
    <subfield code="0">http://id.loc.gov/authorities/subjects/sh85064480</subfield>
  </datafield>
  <datafield ind1="0" ind2="0" tag="600">
    <subfield code="a">ʻAlī ibn Abī Ṭālib,</subfield>
    <subfield code="c">Caliph,</subfield>
    <subfield code="d">ca. 600-661</subfield>
    <subfield code="x">Hadith.</subfield>
  </datafield>
  <datafield ind1=" " ind2="0" tag="650">
    <subfield code="a">Hadith (Shiites)</subfield>
    <subfield code="x">Criticism, interpretation, etc.</subfield>
    <subfield code="0">http://id.loc.gov/authorities/subjects/sh91004146</subfield>
  </datafield>
  <datafield ind1=" " ind2=" " tag="998">
    <subfield code="a">03/11/96</subfield>
    <subfield code="s">9114</subfield>
    <subfield code="n">NjP</subfield>
    <subfield code="w">NJPG95B79980</subfield>
    <subfield code="d">12/21/95</subfield>
    <subfield code="c">AAH</subfield>
    <subfield code="b">AAH</subfield>
    <subfield code="i">960311</subfield>
    <subfield code="l">NJPG</subfield>
  </datafield>
  <datafield ind1=" " ind2=" " tag="911">
    <subfield code="a">19960321</subfield>
  </datafield>
  <datafield ind1=" " ind2=" " tag="912">
    <subfield code="a">19960422054342.0</subfield>
  </datafield>
  <datafield ind1="0" ind2="0" tag="852">
    <subfield code="0">1200887</subfield>
    <subfield code="b">rcppa</subfield>
    <subfield code="t">1</subfield>
    <subfield code="h">BP192.8</subfield>
    <subfield code="i">.A468 1978</subfield>
    <subfield code="x">tr fr arab</subfield>
  </datafield>
  <datafield ind1=" " ind2=" " tag="959">
    <subfield code="a">2000-06-13 00:00:00 -0500</subfield>
  </datafield>
</record>
